@Article{Shivva_2021,
  author    = {Vittal Shivva and C. Andrew Boswell and Hanine Rafidi and Robert F. Kelley and Amrita V. Kamath and Susan R. Crowell},
  journal   = {Frontiers in Pharmacology},
  title     = {Antibody Format and Serum Disposition Govern Ocular Pharmacokinetics of Intravenously Administered Protein Therapeutics},
  year      = {2021},
  month     = {may},
  volume    = {12},
  doi       = {10.3389/fphar.2021.601569},
  publisher = {Frontiers Media {SA}},
}

@Article{Vellonen_2015,
  author    = {Kati-Sisko Vellonen and Esa-Matti Soini and Eva M. del Amo and Arto Urtti},
  journal   = {Molecular Pharmaceutics},
  title     = {Prediction of Ocular Drug Distribution from Systemic Blood Circulation},
  year      = {2015},
  month     = {dec},
  number    = {9},
  pages     = {2906--2911},
  volume    = {13},
  doi       = {10.1021/acs.molpharmaceut.5b00729},
  publisher = {American Chemical Society ({ACS})},
}

@Article{Fu_2017,
  author    = {Chen Fu and Dan S. Gombos and Jared Lee and Goldy C. George and Kenneth Hess and Andrew Whyte and David S. Hong},
  journal   = {Oncotarget},
  title     = {Ocular toxicities associated with targeted anticancer agents: an analysis of clinical data with management suggestions},
  year      = {2017},
  month     = {may},
  number    = {35},
  pages     = {58709--58727},
  volume    = {8},
  doi       = {10.18632/oncotarget.17634},
  publisher = {Impact Journals, {LLC}},
}

@Article{Ramsay_2019,
  author    = {Eva Ramsay and Marja Hagstr√∂m and Kati-Sisko Vellonen and Susanna Boman and Elisa Toropainen and Eva M. del Amo and Heidi Kidron and Arto Urtti and Marika Ruponen},
  journal   = {European Journal of Pharmaceutics and Biopharmaceutics},
  title     = {Role of retinal pigment epithelium permeability in drug transfer between posterior eye segment and systemic blood circulation},
  year      = {2019},
  month     = {oct},
  pages     = {18--23},
  volume    = {143},
  doi       = {10.1016/j.ejpb.2019.08.008},
  publisher = {Elsevier {BV}},
}

@Article{Friedrich_1997,
  author    = {Stuart Friedrich and Yu-Ling Cheng and Bradley Saville},
  journal   = {Current Eye Research},
  title     = {Drug distribution in the vitreous humor of the human eye: the effects of intravitreal injection position and volume},
  year      = {1997},
  month     = {jan},
  number    = {7},
  pages     = {663--669},
  volume    = {16},
  doi       = {10.1076/ceyr.16.7.663.5061},
  publisher = {Informa {UK} Limited},
}

@Article{Friedrich_1997,
  author    = {Stuart Friedrich and Yu-Ling Cheng and Bradley Saville},
  journal   = {Annals of Biomedical Engineering},
  title     = {Finite element modeling of drug distribution in the vitreous humor of the rabbit eye},
  year      = {1997},
  month     = {mar},
  number    = {2},
  pages     = {303--314},
  volume    = {25},
  doi       = {10.1007/bf02648045},
  publisher = {Springer Science and Business Media {LLC}},
}

@Comment{jabref-meta: databaseType:bibtex;}
