@Article{Harris_1996,
  author    = {A Harris and K Joos and M Kay and D Evans and R Shetty and W E Sponsel and B Martin},
  journal   = {British Journal of Ophthalmology},
  title     = {Acute {IOP} elevation with scleral suction: effects on retrobulbar haemodynamics.},
  year      = {1996},
  month     = {dec},
  number    = {12},
  pages     = {1055--1059},
  volume    = {80},
  doi       = {10.1136/bjo.80.12.1055},
  publisher = {{BMJ}},
}

@Article{Guidoboni_2014,
  author    = {Giovanna Guidoboni and and Alon Harris and Lucia Carichino and Yoel Arieli and Brent A. Siesky and and and},
  journal   = {Mathematical Biosciences and Engineering},
  title     = {Effect of intraocular pressure on the hemodynamics of the central retinal artery: A mathematical model},
  year      = {2014},
  number    = {3},
  pages     = {523--546},
  volume    = {11},
  doi       = {10.3934/mbe.2014.11.523},
  publisher = {American Institute of Mathematical Sciences ({AIMS})},
}

@Article{Takahashi_2009,
  author    = {Tatsuhisa Takahashi and Taiji Nagaoka and Hirotaka Yanagida and Tadashi Saitoh and Akira Kamiya and Travis Hein and Lih Kuo and Akitoshi Yoshida},
  journal   = {Journal of Biorheology},
  title     = {A mathematical model for the distribution of hemodynamic parameters in the human retinal microvascular network},
  year      = {2009},
  month     = {dec},
  number    = {2},
  pages     = {77--86},
  volume    = {23},
  doi       = {10.1007/s12573-009-0012-1},
  publisher = {Springer Science and Business Media {LLC}},
}

@Article{Murray_1926,
  author    = {Cecil D. Murray},
  journal   = {Proceedings of the National Academy of Sciences},
  title     = {The Physiological Principle of Minimum Work},
  year      = {1926},
  month     = {mar},
  number    = {3},
  pages     = {207--214},
  volume    = {12},
  doi       = {10.1073/pnas.12.3.207},
  publisher = {Proceedings of the National Academy of Sciences},
}

@Article{Harris_2013,
  author    = {Alon Harris and Giovanna Guidoboni and Julia C. Arciero and Annahita Amireskandari and Leslie A. Tobe and Brent A. Siesky},
  journal   = {European Journal of Ophthalmology},
  title     = {Ocular Hemodynamics and Glaucoma: The Role of Mathematical Modeling},
  year      = {2013},
  month     = {feb},
  number    = {2},
  pages     = {139--146},
  volume    = {23},
  doi       = {10.5301/ejo.5000255},
  publisher = {{SAGE} Publications},
}

@Article{Leeman_2019,
  author    = {Marc Leeman and Philippe Kestelyn},
  journal   = {Hypertension},
  title     = {Glaucoma and Blood Pressure},
  year      = {2019},
  month     = {may},
  number    = {5},
  pages     = {944--950},
  volume    = {73},
  doi       = {10.1161/hypertensionaha.118.11507},
  publisher = {Ovid Technologies (Wolters Kluwer Health)},
}

@Article{Klein_2004,
  author    = {Ronald Klein and Tunde Peto and Alan Bird and Mylan R. Vannewkirk},
  journal   = {American Journal of Ophthalmology},
  title     = {The epidemiology of age-related macular degeneration},
  year      = {2004},
  month     = {mar},
  number    = {3},
  pages     = {486--495},
  volume    = {137},
  doi       = {10.1016/j.ajo.2003.11.069},
  publisher = {Elsevier {BV}},
}

@Article{Guidoboni_2014b,
  author    = {Giovanna Guidoboni and Alon Harris and Simone Cassani and Julia Arciero and Brent Siesky and Annahita Amireskandari and Leslie Tobe and Patrick Egan and Ingrida Januleviciene and Joshua Park},
  journal   = {Investigative Opthalmology Visual Science},
  title     = {Intraocular Pressure, Blood Pressure, and Retinal Blood Flow Autoregulation: A Mathematical Model to Clarify Their Relationship and Clinical Relevance},
  year      = {2014},
  month     = {jul},
  number    = {7},
  pages     = {4105},
  volume    = {55},
  doi       = {10.1167/iovs.13-13611},
  publisher = {Association for Research in Vision and Ophthalmology ({ARVO})},
}

@Article{Hulsman_2007,
  author    = {Caroline A. A. Hulsman},
  journal   = {Archives of Ophthalmology},
  title     = {Blood Pressure, Arterial Stiffness, and Open-angle Glaucoma},
  year      = {2007},
  month     = {jun},
  number    = {6},
  pages     = {805},
  volume    = {125},
  doi       = {10.1001/archopht.125.6.805},
  publisher = {American Medical Association ({AMA})},
}

@Article{Bonomi_2000,
  author    = {L Bonomi},
  journal   = {Ophthalmology},
  title     = {Vascular risk factors for primary open angle glaucoma The Egna-Neumarkt Study},
  year      = {2000},
  month     = {jul},
  number    = {7},
  pages     = {1287--1293},
  volume    = {107},
  doi       = {10.1016/s0161-6420(00)00138-x},
  publisher = {Elsevier {BV}},
}

@Article{Arciero_2013,
  author    = {Julia Arciero and Alon Harris and Brent Siesky and Annahita Amireskandari and Victoria Gershuny and Aaron Pickrell and Giovanna Guidoboni},
  journal   = {Investigative Opthalmology {\&} Visual Science},
  title     = {Theoretical Analysis of Vascular Regulatory Mechanisms Contributing to Retinal Blood Flow Autoregulation},
  year      = {2013},
  month     = {aug},
  number    = {8},
  pages     = {5584},
  volume    = {54},
  doi       = {10.1167/iovs.12-11543},
  publisher = {Association for Research in Vision and Ophthalmology ({ARVO})},
}

@InCollection{Arslan_2018,
  author    = {Orhan E. Arslan},
  booktitle = {Drug Delivery for the Retina and Posterior Segment Disease},
  publisher = {Springer International Publishing},
  title     = {Anatomy and Physiology of Retina and Posterior Segment of the Eye},
  year      = {2018},
  pages     = {3--33},
  doi       = {10.1007/978-3-319-95807-1\_1},
}

@Article{Birch_1999,
  author    = {David G. Birch},
  journal   = {Molecular Genetics and Metabolism},
  title     = {Retinal Degeneration in Retinitis Pigmentosa and Neuronal Ceroid Lipofuscinosis: An Overview},
  year      = {1999},
  month     = apr,
  number    = {4},
  pages     = {356--366},
  volume    = {66},
  doi       = {10.1006/mgme.1999.2829},
  publisher = {Elsevier {BV}},
}

@Article{Boulton_2001,
  author    = {Mike Boulton and Pierrette Dayhaw-Barker},
  journal   = {Eye},
  title     = {The role of the retinal pigment epithelium: Topographical variation and ageing changes},
  year      = {2001},
  month     = may,
  number    = {3},
  pages     = {384--389},
  volume    = {15},
  doi       = {10.1038/eye.2001.141},
  publisher = {Springer Science and Business Media {LLC}},
}

@InCollection{Curcio_2013,
  author    = {Christine A. Curcio and Mark Johnson},
  booktitle = {Retina},
  publisher = {Elsevier},
  title     = {Structure, Function, and Pathology of Bruch's Membrane},
  year      = {2013},
  pages     = {465--481},
  doi       = {10.1016/b978-1-4557-0737-9.00020-5},
}

@InCollection{Detrick_2020,
  author    = {Barbara Detrick and John J. Hooks},
  booktitle = {Retinal Pigment Epithelium in Health and Disease},
  publisher = {Springer International Publishing},
  title     = {The {RPE} Cell and the Immune System},
  year      = {2020},
  pages     = {101--114},
  doi       = {10.1007/978-3-030-28384-1\_6},
}

@InCollection{Gupta_2015,
  author    = {Mrinali Patel Gupta and Alexandra A. Herzlich and Theodor Sauer and Chi-Chao Chan},
  booktitle = {Developments in Ophthalmology},
  publisher = {S. Karger {AG}},
  title     = {Retinal Anatomy and Pathology},
  year      = {2015},
  month     = oct,
  pages     = {7--17},
  doi       = {10.1159/000431128},
}

@Article{Hamel_2006,
  author    = {Christian Hamel},
  journal   = {Orphanet Journal of Rare Diseases},
  title     = {Retinitis pigmentosa},
  year      = {2006},
  month     = oct,
  number    = {1},
  volume    = {1},
  doi       = {10.1186/1750-1172-1-40},
  publisher = {Springer Science and Business Media {LLC}},
}

@Article{Hayreh_2004,
  author    = {Sohan Singh Hayreh and M.Bridget Zimmerman and Meena Beri and Patricia Podhajsky},
  journal   = {Ophthalmology},
  title     = {Intraocular pressure abnormalities associated with central and hemicentral retinal vein occlusion},
  year      = {2004},
  month     = {jan},
  number    = {1},
  pages     = {133--141},
  volume    = {111},
  doi       = {10.1016/j.ophtha.2003.03.002},
  publisher = {Elsevier {BV}},
}

@Article{Hayreh_2004a,
  author    = {Sohan Singh Hayreh and M.Bridget Zimmerman and Alan Kimura and Ashish Sanon},
  journal   = {Experimental Eye Research},
  title     = {Central retinal artery occlusion. Retinal survival time.},
  year      = {2004},
  month     = {mar},
  number    = {3},
  pages     = {723--736},
  volume    = {78},
  doi       = {10.1016/s0014-4835(03)00214-8},
  publisher = {Elsevier {BV}},
}

@Article{Kaur_2008,
  author    = {Charanjit Kaur},
  journal   = {Clinical Ophthalmology},
  title     = {Hypoxia-ischemia and retinal ganglion cell damage},
  year      = {2008},
  month     = {aug},
  pages     = {879},
  doi       = {10.2147/opth.s3361},
  publisher = {Informa {UK} Limited},
}

@Article{Khayat_2018,
  author    = {Meiaad Khayat and Michael Williams and Noemi Lois},
  journal   = {Survey of Ophthalmology},
  title     = {Ischemic retinal vein occlusion: characterizing the more severe spectrum of retinal vein occlusion},
  year      = {2018},
  month     = {nov},
  number    = {6},
  pages     = {816--850},
  volume    = {63},
  doi       = {10.1016/j.survophthal.2018.04.005},
  publisher = {Elsevier {BV}},
}

@Book{Medina_2016,
  editor    = {Carlos A. Medina and Justin H. Townsend and Arun D. Singh},
  publisher = {Springer International Publishing},
  title     = {Manual of Retinal Diseases},
  year      = {2016},
  doi       = {10.1007/978-3-319-20460-4},
}

@Article{Medrano_1995,
  author    = {Carlos J. Medrano and Donald A. Fox},
  journal   = {Experimental Eye Research},
  title     = {Oxygen consumption in the rat outer and inner retina: Light- and pharmacologically-induced inhibition},
  year      = {1995},
  month     = sep,
  number    = {3},
  pages     = {273--284},
  volume    = {61},
  doi       = {10.1016/s0014-4835(05)80122-8},
  publisher = {Elsevier {BV}},
}

@Article{Nickla_2010,
  author    = {Debora L. Nickla and Josh Wallman},
  journal   = {Progress in Retinal and Eye Research},
  title     = {The multifunctional choroid},
  year      = {2010},
  month     = mar,
  number    = {2},
  pages     = {144--168},
  volume    = {29},
  doi       = {10.1016/j.preteyeres.2009.12.002},
  publisher = {Elsevier {BV}},
}

@Article{Roberts_2022,
  author    = {Paul A. Roberts},
  journal   = {Journal of Theoretical Biology},
  title     = {Mathematical models of retinitis pigmentosa: The trophic factor hypothesis},
  year      = {2022},
  month     = feb,
  pages     = {110938},
  volume    = {534},
  doi       = {10.1016/j.jtbi.2021.110938},
  publisher = {Elsevier {BV}},
}

@Article{Roberts_2018,
  author    = {Paul A. Roberts and Eamonn A. Gaffney and Jonathan P. Whiteley and Philip J. Luthert and Alexander J. E. Foss and Helen M. Byrne},
  journal   = {Investigative Opthalmology {\&} Visual Science},
  title     = {Predictive Mathematical Models for the Spread and Treatment of Hyperoxia-induced Photoreceptor Degeneration in Retinitis Pigmentosa},
  year      = {2018},
  month     = mar,
  number    = {3},
  pages     = {1238},
  volume    = {59},
  doi       = {10.1167/iovs.17-23177},
  publisher = {Association for Research in Vision and Ophthalmology ({ARVO})},
}

@Article{Stone_1999,
  author    = {J. Stone},
  journal   = {Progress in Retinal and Eye Research},
  title     = {Mechanisms of photoreceptor death and survival in mammalian retina},
  year      = {1999},
  month     = nov,
  number    = {6},
  pages     = {689--735},
  volume    = {18},
  doi       = {10.1016/s1350-9462(98)00032-9},
  publisher = {Elsevier {BV}},
}

@InCollection{Trivino_2012,
  author    = {A. Trivi{\~n}o and R. {de Hoz} and B. Rojas and B.I. Gallego and A.I. Ramrez and J.J. Salazar and J.M. Ramrez},
  booktitle = {Ocular Diseases},
  publisher = {{InTech}},
  title     = {Effects of Hypercholesterolaemia in the Retina},
  year      = {2012},
  month     = sep,
  doi       = {10.5772/48359},
}

@Article{Zouache_2022,
  author    = {Moussa A. Zouache},
  journal   = {Frontiers in Aging Neuroscience},
  title     = {Variability in Retinal Neuron Populations and Associated Variations in Mass Transport Systems of the Retina in Health and Aging},
  year      = {2022},
  month     = feb,
  volume    = {14},
  doi       = {10.3389/fnagi.2022.778404},
  publisher = {Frontiers Media {SA}},
}

@Comment{jabref-meta: databaseType:bibtex;}

@Comment{jabref-meta: fileDirectory:C:\\Users\\rhernand\\Desktop\\Review-Paper-Progress-in-Biomedical-Engineering\\5_Haemodynamics_nAMD_DR;}

@Comment{jabref-meta: fileDirectoryLatex-rhernand-WIN1064-1040369:C:\\Users\\rhernand\\Desktop\\Review-Paper-Progress-in-Biomedical-Engineering\\5_Haemodynamics_nAMD_DR;}
