@Article{An2020,
  author    = {Dong An and Paula Yu and K. Bailey Freund and Dao-Yi Yu and Chandrakumar Balaratnasingam},
  journal   = {Investigative Opthalmology \& Visual Science},
  title     = {Three-Dimensional Characterization of the Normal Human Parafoveal Microvasculature Using Structural Criteria and High-Resolution Confocal Microscopy},
  year      = {2020},
  month     = {aug},
  number    = {10},
  pages     = {3},
  volume    = {61},
  doi       = {10.1167/iovs.61.10.3},
  publisher = {Association for Research in Vision and Ophthalmology ({ARVO})},
}

@Comment{jabref-meta: databaseType:bibtex;}
