@Article{Harris_1996,
  author    = {A Harris and K Joos and M Kay and D Evans and R Shetty and W E Sponsel and B Martin},
  journal   = {British Journal of Ophthalmology},
  title     = {Acute {IOP} elevation with scleral suction: effects on retrobulbar haemodynamics.},
  year      = {1996},
  month     = {dec},
  number    = {12},
  pages     = {1055--1059},
  volume    = {80},
  doi       = {10.1136/bjo.80.12.1055},
  publisher = {{BMJ}},
}

@Article{Guidoboni_2014,
  author    = {Giovanna Guidoboni and and Alon Harris and Lucia Carichino and Yoel Arieli and Brent A. Siesky and and and},
  journal   = {Mathematical Biosciences and Engineering},
  title     = {Effect of intraocular pressure on the hemodynamics of the central retinal artery: A mathematical model},
  year      = {2014},
  number    = {3},
  pages     = {523--546},
  volume    = {11},
  doi       = {10.3934/mbe.2014.11.523},
  publisher = {American Institute of Mathematical Sciences ({AIMS})},
}

@Article{Takahashi_2009,
  author    = {Tatsuhisa Takahashi and Taiji Nagaoka and Hirotaka Yanagida and Tadashi Saitoh and Akira Kamiya and Travis Hein and Lih Kuo and Akitoshi Yoshida},
  journal   = {Journal of Biorheology},
  title     = {A mathematical model for the distribution of hemodynamic parameters in the human retinal microvascular network},
  year      = {2009},
  month     = {dec},
  number    = {2},
  pages     = {77--86},
  volume    = {23},
  doi       = {10.1007/s12573-009-0012-1},
  publisher = {Springer Science and Business Media {LLC}},
}

@Article{Murray_1926,
  author    = {Cecil D. Murray},
  journal   = {Proceedings of the National Academy of Sciences},
  title     = {The Physiological Principle of Minimum Work},
  year      = {1926},
  month     = {mar},
  number    = {3},
  pages     = {207--214},
  volume    = {12},
  doi       = {10.1073/pnas.12.3.207},
  publisher = {Proceedings of the National Academy of Sciences},
}

@Comment{jabref-meta: databaseType:bibtex;}

@Comment{jabref-meta: fileDirectory:C:\\Users\\rhernand\\Desktop\\Review-Paper-Progress-in-Biomedical-Engineering\\5_Haemodynamics_nAMD_DR;}

@Comment{jabref-meta: fileDirectoryLatex-rhernand-WIN1064-1040369:C:\\Users\\rhernand\\Desktop\\Review-Paper-Progress-in-Biomedical-Engineering\\5_Haemodynamics_nAMD_DR;}
